@article{Putnam1992,
	author = {Putnam, A.J. and de Grooth, B.G. and van Hulst, N.F. and Greve, J.},
	journal = {J. App. Phys.},
	pages = {6},
	title = {{A detailed analysis of the optical beam deflection technique for use in atomic force microscopy}},
	volume = {72},
	year = {1992}
}
@article{Barnett2003,
author = {Barnett, S. M. and Fabre, C. and Maitre, A.},
title = {{Ultimate quantum limits for resolution of beam displacements}},
journal = {Eur. Phys. J. D},
volume = {22},
number = {3},
pages = {513--519},
year = {2003}
}
@article{Dixon2009,
	author = {Dixon, P Ben and Starling, David J and Jordan, Andrew N and Howell, John C},
	journal = {Phys. Rev. Lett.},
	pages = {173601},
	title = {{Ultrasensitive Beam Deflection Measurement via Interferometric Weak Value Amplification}},
	volume = {102},
	year = {2009}
}
@article{Hosten2008,
	author = {Hosten, Onur and Kwiat, Paul},
	journal = {Science},
	pages = {787},
	title = {{Observation of the Spin Hall Effect of Light via Weak Measurements}},
	volume = {319},
	year = {2008}
}
@article{Treps2002,
	author = {Treps, N. and Andersen, U. and Buchler, B. and Lam, P. K. and Maitre, A. and Bachor, H.-A. and Fabre, C.},
	journal = {Phys. Rev. Lett.},
	pages = {203601},
	title = {{Surpassing the standard quantum limit for optical imaging using nonclassical multimode light}},
	volume = {88},
	year = {2002}
}
@article{Fabre2000,
	author = {Fabre, C. and Fouet, J. B. and Maitre, A.},
	journal = {Opt. Lett.},
	pages = {76},
	title = {{Quantum limits in the measurement of very small displacements in optical images}},
	volume = {25},
	year = {2000}	
}
@article{Treps2003,
	author = {Treps, N. and Grosse, N. and Bowen, W. P. and Fabre, C. and Bachor, H.-A., and Lam, P. K.},
	journal = {Science},
	pages = {940},
	title = {{A quantum laser pointer}},
	volume = {301},
	year = {2003}
}
@article{Dressel2014,
	author = {Dressel, J. and Malik, M. and Miatto, F. and Jordan, A. N. and Boyd, R. W.},
	journal = {Rev. Mod. Phys.},
	pages = {307},
	title = {{Understanding quantum weak values: Basics and applications}}
	volume = {86},
	year = {2014}
}
@book{Agarwal2013,
	author = {Agarwal, G. S.},
	title = {{Quantum Optics}},
	year = {2013},
	publisher = {{Cambridge University Press}}
}
@article{Schneeloch2015,
	author = {Schneeloch, J. and Howell, J. C.},
	title = {{Introduction to the Transverse Spatial Correlations in Spontaneous Parametric Down-Conversion through the Biphoton Birth Zone}},
	archivePrefix = "arXiv",
	eprint = "quant-ph/1502.06996",
	year = {2015}
	
}
@book{Cahill2013,
	author = {Cahill, K.},
	title = {{Physical Mathematics}},
	year = {2013},
	publisher = {{Cambridge University Press}}
		
}
@book{Larsen2001,
	author = {Larsen, R. J. and Marx, L. M.},
	title = {{An Introduction to Mathematical Statistics and Its Applications}},
	year = {2001},
	publisher = {{Prentice Hall}},	
}
@article{Braunstein1996,
	author = {Braunstein, S. L. and Caves, C. M. and Milburn, G.J.},
	journal = {Ann. Phys.},
	pages = {135},
	year = {1996},
	title = {{Generalized uncertainty relations: theory, examples, and Lorentz invariance}},
	volume = {247},
	}
@article{Knee2014,
	author = {Knee, G. C. and Gauger, E. M.},
	journal = {Phys. Rev. X},
	pages = {011032},
	year = {2014},
	title = {When amplification with weak values fails to suppress technical noise},
	volume = {4},
	}
@article{Knee2015,
	author = {Knee, G.C. and Munro, W.J.},
	journal = {Phys. Rev. A},
	pages = {012130},
	year = {2015},
	title = {Fisher information vs. signal-to-noise ratio for a split detector},
	volume = {92},
	}
    @article{bardhan2013effects,
  title={Effects of phase fluctuations on phase sensitivity and visibility of path-entangled photon Fock states},
  author={Roy Bardhan, Bhaskar and Jiang, Kebei and Dowling, Jonathan P},
  journal={Physical Review A},
  volume={88},
  number={2},
  pages={023857},
  year={2013},
  publisher={APS}
}
@article{demkowicz2012elusive,
  title={The elusive Heisenberg limit in quantum-enhanced metrology},
  author={Demkowicz-Dobrza{\'n}ski, Rafa{\l} and Ko{\l}ody{\'n}ski, Jan and Gu{\c{t}}{\u{a}}, M{\u{a}}d{\u{a}}lin},
  journal={Nature communications},
  volume={3},
  pages={1063},
  year={2012},
  publisher={Nature Publishing Group}
}
@article{jordan2015heisenberg,
  title={Heisenberg scaling with weak measurement: a quantum state discrimination point of view},
  author={Jordan, Andrew N and Tollaksen, Jeff and Troupe, James E and Dressel, Justin and Aharonov, Yakir},
  journal={Quantum Studies: Mathematics and Foundations},
  volume={2},
  number={1},
  pages={5--15},
  year={2015},
  publisher={Springer}
}
@article{napolitano2010,
	title = {Interaction-based quantum metrology showing scaling beyond the Heisenberg limit},
    author={Napolitano, M. and Koschorreck, M. and Dubost, B. and Behbood, N. and Sewell, R. J. and Mitchell, M. W.},
    journal={Nature},
    volume={471},
    pages={486--489},
    year={2011}
}
@article{giovannetti2006,
  title = {Quantum Metrology},
  author = {Giovannetti, Vittorio and Lloyd, Seth and Maccone, Lorenzo},
  journal = {Phys. Rev. Lett.},
  volume = {96},
  issue = {1},
  pages = {010401},
  numpages = {4},
  year = {2006},
  month = {Jan},
  publisher = {American Physical Society},
  doi = {10.1103/PhysRevLett.96.010401},
  url = {http://link.aps.org/doi/10.1103/PhysRevLett.96.010401}
}
@article{Law2004,
  title = {Analysis and Interpretation of High Transverse Entanglement in Optical Parametric Down Conversion},
  author = {Law, C. K. and Eberly, J. H.},
  journal = {Phys. Rev. Lett.},
  volume = {92},
  issue = {12},
  pages = {127903},
  numpages = {4},
  year = {2004},
  month = {Mar},
  publisher = {American Physical Society},
  doi = {10.1103/PhysRevLett.92.127903},
  url = {http://link.aps.org/doi/10.1103/PhysRevLett.92.127903}
}
@article{Fedorov2009,
	author = {Fedorov, M. V. and Mikhailova, Y. M. and Volkov, P.A.},
	year = {2009}, 
    journal = {Journal of Physics B: Atomic, Molecular and Optical Physics},
    volume = 42,
    number = 17,
    pages = {175503}
}

@article{DiLorenzo2013,
  title = {Correlations between Detectors Allow Violation of the Heisenberg Noise-Disturbance Principle for Position and Momentum Measurements},
  author = {Di Lorenzo, Antonio},
  journal = {Phys. Rev. Lett.},
  volume = {110},
  issue = {12},
  pages = {120403},
  numpages = {5},
  year = {2013},
  month = {Mar},
  publisher = {American Physical Society},
  doi = {10.1103/PhysRevLett.110.120403},
  url = {http://link.aps.org/doi/10.1103/PhysRevLett.110.120403}
}

@article{Bullock2014,
  title = {Focusing in Arthurs-Kelly-Type Joint Measurements with Correlated Probes},
  author = {Bullock, Thomas J. and Busch, Paul},
  journal = {Phys. Rev. Lett.},
  volume = {113},
  issue = {12},
  pages = {120401},
  numpages = {5},
  year = {2014},
  month = {Sep},
  publisher = {American Physical Society},
  doi = {10.1103/PhysRevLett.113.120401},
  url = {http://link.aps.org/doi/10.1103/PhysRevLett.113.120401}
}

@article{Einstein1935,
  title = {Can Quantum-Mechanical Description of Physical Reality Be Considered Complete?},
  author = {Einstein, A. and Podolsky, B. and Rosen, N.},
  journal = {Phys. Rev.},
  volume = {47},
  issue = {10},
  pages = {777--780},
  numpages = {0},
  year = {1935},
  month = {May},
  publisher = {American Physical Society},
  doi = {10.1103/PhysRev.47.777},
  url = {http://link.aps.org/doi/10.1103/PhysRev.47.777}
}

