@article{Lyons2016,
  title = {Precision optical displacement measurements using biphotons},
  author = {Lyons, Kevin and Pang, Shengshi and Kwiat, Paul G. and Jordan, Andrew N.},
  journal = {Phys. Rev. A},
  volume = {93},
  issue = {4},
  pages = {043841},
  numpages = {10},
  year = {2016},
  month = {Apr},
  publisher = {American Physical Society},
  doi = {10.1103/PhysRevA.93.043841},
  url = {http://link.aps.org/doi/10.1103/PhysRevA.93.043841}
}

@article{Vahlbruch2008,
author = {Vahlbruch, Henning and Mehmet, Moritz and Chelkowski, Simon and Hage, Boris and Franzen, Alexander and Lastzka, Nico and Go{\ss}ler, Stefan and Danzmann, Karsten and Schnabel, Roman},
journal = {Phys. Rev. Lett.},
pages = {033602},
title = {{Observation of Squeezed Light with 10-dB Quantum Noise Reduction}},
volume = {100},
year = {2008}
}
@article{Xiao1987,
author = {Xiao, Min and Wu, Ling-An and Kimble, H. J.},
title = {{Precision Measurement beyond the Shot-Noise Limit}},
journal = {Phys. Rev. Lett.},
volume = {59},
number = {3},
pages = {278},
year = {1987}
}
@article{Salazar2015,
  title={Enhancement of the sensitivity of a temperature sensor based on fiber Bragg gratings via weak value amplification},
  author={Salazar-Serrano, LJ and Barrera, D and Amaya, W and Sales, S and Pruneri, Valerio and Capmany, J and Torres, JP},
  journal={Optics letters},
  volume={40},
  number={17},
  pages={3962--3965},
  year={2015},
  publisher={Optical Society of America}
}
@article{Alves2015,
  title = {Weak-value amplification as an optimal metrological protocol},
  author = {Alves, G. Bi\'e and Escher, B. M. and de Matos Filho, R. L. and Zagury, N. and Davidovich, L.},
  journal = {Phys. Rev. A},
  volume = {91},
  issue = {6},
  pages = {062107},
  numpages = {10},
  year = {2015},
  month = {Jun},
  publisher = {American Physical Society},
  doi = {10.1103/PhysRevA.91.062107},
  url = {http://link.aps.org/doi/10.1103/PhysRevA.91.062107}
}
@article{Harris2016,
  title={Weak Value Amplification Can Outperform Conventional Measurement in the Presence of Detector Saturation},
  author={Harris, J{\'e}r{\'e}mie and Boyd, Robert W and Lundeen, Jeff S},
  journal={arXiv preprint arXiv:1612.04327},
  year={2016}
}
@article{Viza2015,
  title={Experimentally quantifying the advantages of weak-value-based metrology},
  author={Viza, Gerardo I and Mart{\'\i}nez-Rinc{\'o}n, Juli{\'a}n and Alves, Gabriel B and Jordan, Andrew N and Howell, John C},
  journal={Physical Review A},
  volume={92},
  number={3},
  pages={032127},
  year={2015},
  publisher={APS}
}
@article{Dressel2013,
  title={Strengthening weak-value amplification with recycled photons},
  author={Dressel, Justin and Lyons, Kevin and Jordan, Andrew N and Graham, Trent M and Kwiat, Paul G},
  journal={Physical Review A},
  volume={88},
  number={2},
  pages={023821},
  year={2013},
  publisher={APS}
}
@article{Lyons2015,
  title={Power-recycled weak-value-based metrology},
  author={Lyons, Kevin and Dressel, Justin and Jordan, Andrew N and Howell, John C and Kwiat, Paul G},
  journal={Physical review letters},
  volume={114},
  number={17},
  pages={170801},
  year={2015},
  publisher={APS}
}
@inproceedings{Byard2015,
  title={Pulse Recycling and Weak Value Metrology},
  author={Byard, Courtney and Graham, Trent and Jordan, Andrew and Kwiat, Paul G},
  booktitle={Frontiers in Optics},
  pages={JW2A--69},
  year={2015},
  organization={Optical Society of America}
}
@article{Wang2016,
  title={Experimental Demonstration of Higher Precision Weak-Value-Based Metrology Using Power Recycling},
  author={Wang, Yi-Tao and Tang, Jian-Shun and Hu, Gang and Wang, Jian and Yu, Shang and Zhou, Zong-Quan and Cheng, Ze-Di and Xu, Jin-Shi and Fang, Sen-Zhi and Wu, Qing-Lin and others},
  journal={Physical Review Letters},
  volume={117},
  number={23},
  pages={230801},
  year={2016},
  publisher={APS}
}
@article{Torres2016,
  title={Weak value amplification: a view from quantum estimation theory that highlights what it is and what isnâ€™t},
  author={Torres, Juan P and Salazar-Serrano, Luis Jos{\'e}},
  journal={Scientific reports},
  volume={6},
  pages = {19702},
  year={2016},
  publisher={Nature Publishing Group}
}
@article{Salazar2014,
  title = {Measurement of sub-pulse-width temporal delays via spectral interference induced by weak value amplification},
  author = {Salazar-Serrano, Luis Jos\'e and Janner, Davide and Brunner, Nicolas and Pruneri, Valerio and Torres, Juan P.},
  journal = {Phys. Rev. A},
  volume = {89},
  issue = {1},
  pages = {012126},
  numpages = {5},
  year = {2014},
  month = {Jan},
  publisher = {American Physical Society},
  doi = {10.1103/PhysRevA.89.012126},
  url = {http://link.aps.org/doi/10.1103/PhysRevA.89.012126}
}
@article{Loaiza2014,
  title = {Amplification of Angular Rotations Using Weak Measurements},
  author = {Maga\~na-Loaiza, Omar S. and Mirhosseini, Mohammad and Rodenburg, Brandon and Boyd, Robert W.},
  journal = {Phys. Rev. Lett.},
  volume = {112},
  issue = {20},
  pages = {200401},
  numpages = {5},
  year = {2014},
  month = {May},
  publisher = {American Physical Society},
  doi = {10.1103/PhysRevLett.112.200401},
  url = {http://link.aps.org/doi/10.1103/PhysRevLett.112.200401}
}
@article{Xu2013,
  title = {Phase Estimation with Weak Measurement Using a White Light Source},
  author = {Xu, Xiao-Ye and Kedem, Yaron and Sun, Kai and Vaidman, Lev and Li, Chuan-Feng and Guo, Guang-Can},
  journal = {Phys. Rev. Lett.},
  volume = {111},
  issue = {3},
  pages = {033604},
  numpages = {4},
  year = {2013},
  month = {Jul},
  publisher = {American Physical Society},
  doi = {10.1103/PhysRevLett.111.033604},
  url = {http://link.aps.org/doi/10.1103/PhysRevLett.111.033604}
}
@article{Gorodetski2012,
  title = {Weak Measurements of Light Chirality with a Plasmonic Slit},
  author = {Gorodetski, Y. and Bliokh, K. Y. and Stein, B. and Genet, C. and Shitrit, N. and Kleiner, V. and Hasman, E. and Ebbesen, T. W.},
  journal = {Phys. Rev. Lett.},
  volume = {109},
  issue = {1},
  pages = {013901},
  numpages = {5},
  year = {2012},
  month = {Jul},
  publisher = {American Physical Society},
  doi = {10.1103/PhysRevLett.109.013901},
  url = {http://link.aps.org/doi/10.1103/PhysRevLett.109.013901}
}
@article{Aharonov1988,
	author = {Aharonov, Yakir and Albert, David Z and Vaidman, Lev},
	journal = {Phys. Rev. Lett.},
	month = apr,
	number = {14},
	pages = {1351 -- 1354},
	publisher = {American Physical Society},
	title = {{How the result of a measurement of a component of the spin of a spin-1/2 particle can turn out to be 100}},
	volume = {60},
	year = {1988}
}
@article{Aharonov2011,
	author = {Aharonov, Yakir and Columbo, F. and Sabadini, I. and Struppa, D. C. and Tollaksen, J.},
	title = {{Some mathematical properties of superoscillations}},
	journal = {J. Phys. A: Math. Theor.},
	volume = {44},
	pages = {365304},
	year = {2011}
}
@article{Barnett2003,
	author = {Barnett, S. M. and Fabre, C. and Ma\^{i}tre, A.},
	title = {{Ultimate quantum limits for resolution of beam displacements}},
	journal = {Eur. Phys. J. D},
	volume = {22},
	number = {3},
	pages = {513--519},
	year = {2003}
}
@article{Berry2011,
	author = {Berry, M. V. and Shukla, Pragya},
	title = {{Pointer supershifts and superoscillations in weak measurements}},
	journal = {J. Phys. A: Math. Theor.},
	volume = {45},
	pages = {015301},
	year = {2011}
}
@book{Born1959,
	author = {Born, Max and Wolf, Emil},
	title = {{Principles of Optics}},
	year = {1959},
	publisher = {Pergamon Press, New York}
}
@book{Mandel1995,
author = {Mandel, Leonard and Wolf, Emil},
title = {{Optical Coherence and Quantum Optics}},
year = {1995},
publisher = {Cambridge University Press}
}
@book{Loudon2000,
author = {Loudon, Rodney},
title = {{The Quantum Theory of Light}},
year = {2000},
publisher = {Oxford Science Publications}
}
@book{Casella2002,
author = {Casella, George and Berger, Roger L.},
title = {{Statistical Inference}},
year = {2002},
publisher = {Wadsworth}
}
@book{Wasserman2004,
author = {Wasserman, Larry},
title = {{All of Statistics}},
year = {2004},
publisher = {Springer}
}
@article{Brunner2003,
	author = {Brunner, Nicolas and Acin, Antonio and Collins, Daniel and Gisin, Nicolas and Scarani, Valerio},
	title = {{Optical telecom networks as weak quantum measurements with post-selection}},
	journal = {Phys. Rev. Lett.},
	volume = {91},
	pages = {180402},
	year = {2003}
}
@article{Brunner2010,
	author = {Brunner, Nicolas and Simon, Christoph},
	title = {{Measuring Small Longitudinal Phase Shifts: Weak Measurements or Standard Interferometry?}},
	journal = {Phys. Rev. Lett.},
	volume = {105},
	pages = {010405},
	year = {2010}
}
@article{Caves1981,
	author = {Caves, Carlton M.},
	title = {{Quantum-mechanical noise in an interferometer}},
	journal = {Phys. Rev. D},
	volume = {23},
	number = {8},
	pages = {1693--1708},
	year = {1981}
}
@article{DiLorenzo2012,
	author = {{Di Lorenzo}, Antonio},
	title = {{Full counting statistics of weak measurement}},
	journal = {Phys. Rev. A},
	number = {3},
	volume = {85},
	pages = {032106},
	year = {2012}
}
@article{Dixon2009,
	author = {Dixon, P Ben and Starling, David J and Jordan, Andrew N and Howell, John C},
	journal = {Phys. Rev. Lett.},
	pages = {173601},
	title = {{Ultrasensitive Beam Deflection Measurement via Interferometric Weak Value Amplification}},
	volume = {102},
	year = {2009}
}
@article{Dressel2010,
	author = {Dressel, J. and Agarwal, S. and Jordan, A. N.},
	journal = {Phys. Rev. Lett.},
	number = {24},
	pages = {240401},
	publisher = {American Physical Society},
	title = {{Contextual Values of Observables in Quantum Measurements}},
	volume = {104},
	year = {2010}
}
@inproceedings{Drever1983,
	author = {Drever, R.W.P.},
	booktitle = {Quantum Optics: Experimental Gravity and Measurement Theory},
	publisher = {Plenum, New York},
	pages = {525-566},
	year = {1983}
}
@article{Duck1989,
	author = {Duck, I. M. and Stevenson, P. M. and Sudarshan, E. C. G.},
	journal = {Phys. Rev. D},
	number = {6},
	pages = {2112--2117},
	title = {{The sense in which a ``weak measurement'' of a spin-1/2 particle's spin component yields a value 100}},
	volume = {40},
	year = {1989}
}
@article{Egan2012,
	author = {Egan, Patrick and Stone, Jack A.},
	title = {{Weak-value thermostat with 0.2 mK precision}},
	journal = {Opt. Lett.},
	volume = {37},
	pages = {4991-4993},
	year = {2012}
}
@article{Hogan2011,
	author = {Hogan, J. M. and Hammer, J. and Chiow, S.-W. and Dickerson, S. and Johnson, D. M. S. and Kovachy, T. and Sugarbaker, A. and Kasevich, M. A.},
	title = {{Precision angle sensor using an optical lever inside a Sagnac interferometer}},
	journal = {Opt. Lett.},
	volume = {36},
	issue = {9},
	pages = {1698--1700},
	year = {2011}
}
@article{Hosten2006,
	author = {Hosten, Onur and Rakher, Matthew T. and Barreiro, Julio T. and Peters, Nicholas A. and Kwiat, Paul},
	journal = {Nature},
	volume = {439},
	pages = {949--952},
	title = {{Counterfactual quantum computation through quantum interrogation}},
	year = {2006}
}
@article{Hosten2008,
	author = {Hosten, Onur and Kwiat, Paul},
	journal = {Science},
	pages = {787},
	title = {{Observation of the Spin Hall Effect of Light via Weak Measurements}},
	volume = {319},
	year = {2008}
}
@article{Howell2010,
	author = {Howell, J. C. and Starling, D. J. and Dixon, P. B. and Vudyasetu, P. K. and Jordan, A. N.},
	title = {{Interferometric weak value deflections: quantum and classical treatments}},
	journal = {Phys. Rev. A},
	volume = {81},
	pages = {033813},
	year = {2010}
}
@article{Koike2011,
	author = {Koike, Tatsuhiko and Tanaka, Saki},
	title = {{Limits on amplification by Aharonov-Albert-Vaidman weak measurement}},
	journal = {Phys. Rev. A},
	number = {6},
	volume = {84},
	pages = {062106},
	year = {2011}
}
@article{Meers1991,
	author = {Meers, B. J. and Strain, K. A.},
	title = {{Wave-front distortion in laser-interferometric gravitational-wave detectors}},
	journal = {Phys. Rev. D},
	volume = {43},
	pages = {3117-3130},
	year = {1991}
}
@article{Pfeifer2011,
	author = {Pfeifer, Marcel and Fischer, Peer},
	title = {{Weak value amplified optical activity measurements}},
	journal = {Opt. Exp.},
	volume = {19},
	pages = {16508-16517},
	year = {2011}
}
@article{Ritchie1991,
	author = {Ritchie, N W M and Story, J G and Hulet, Randall G},
	journal = {Phys. Rev. Lett.},
	number = {9},
	pages = {1107 -- 1110},
	publisher = {American Physical Society},
	title = {{Realization of a measurement of a ``weak value''}},
	volume = {66},
	year = {1991}
}
@article{Schnier1997,
	author = {Schnier, D. and Mizuno, J. and Heinzel, G. and L\"{u}ck, H and R\"udinger, A. and Schilling, R. and Schrempel, M. and Winkler, W. and Danzmann, K.},
	title = {{Power recycling in the Garching 30 m prototype interferometer for gravitational-wave detection}},
	journal = {Phys. Lett. A},
	volume = {225},
	pages = {210-216},
	year = {1997}
}
@article{Starling2009,
	author = {Starling, David J. and Dixon, P. Ben and Jordan, Andrew N. and Howell, John C.},
	journal = {Phys. Rev. A},
	pages = {041803},
	title = {{Optimizing the signal-to-noise ratio of a beam-deflection measurement with interferometric weak values}},
	volume = {80},
	year = {2009}
}
@article{Starling2010,
	author = {Starling, David J. and Dixon, P. Ben and Jordan, Andrew N. and Howell, John C.},
	journal = {Phys. Rev. A},
	pages = {063822},
	title = {{Precision frequency measurements with interferometric weak values}},
	volume = {82},
	year = {2010}
}
@article{Starling2010a,
	author = {Starling, David J. and Dixon, P. Ben and Williams, N. S. and Jordan, Andrew N. and Howell, John C.},
	journal = {Phys. Rev. A},
	pages = {011802(R)},
	title = {{Continuous phase amplification with a Sagnac interferometer}},
	volume = {82},
	year = {2010}
}
@article{Strubi2013,
	author = {Str\"{u}bi, G. and Bruder, C},
	title = {{Measuring Ultrasmall Time Delays of Light by Joint Weak Measurements}},
	journal = {Phys. Rev. Lett.},
	volume = {110},
	pages = {083605},
	year = {2013}
}
@article{Treps2002,
	author = {Treps, N. and Andersen, U. and Buchler, B. and Lam, P. K. and Maitre, A. and Bachor, H.-A. and Fabre, C.},
	title = {{Surpassing the Standard Quantum Limit for Optical Imaging Using Nonclassical Multimode Light}},
	journal = {Phys. Rev. Lett.},
	volume = {88},
	number = {20},
	pages = {203601},
	year = {2002}
}
@article{Treps2003,
	author = {Treps, N. and Grosse, Nicolai and Bowen, Warwick P. and Fabre, Claude and Bachor, Hans-A. and Lam, Ping Koy},
	title = {{A Quantum Laser Pointer}},
	journal = {Science},
	volume = {301},
	pages = {940},
	year = {2003}
}
@article{Turner2011,
	author = {Turner, Matthew D. and Hagedorn, Charles A. and Schlamminger, Stephan and Gundlach, Jens H.},
	title = {{Picoradian deflection measurement with an interferometric quasi-autocollimator using weak value amplification}},
	journal = {Opt. Lett.},
	volume = {36},
	issue = {8},
	pages = {1479--1481},
	year = {2011}
}
@article{Vahlbruch2005,
	author = {Vahlbruch, Henning and Chelkowski, Simon and Hage, Boris and Franzen, Alexander and Danzmann, Karsten and Schnabel, Roman},
	journal = {Phys. Rev. Lett.},
	pages = {211102},
	title = {{Demonstration of a Squeezed-Light-Enhanced Power- and Signal-Recycled Michelson Interferometer}},
	volume = {95},
	year = {2005}
}
@unpublished{Viza2013,
	author = {Viza, Gerardo I. and Martinez-Rinc\'on, Juli\'an and Howland, Gregory A. and Frostig, Hadas and Shromroni, Itay and Dayan, Barak and Howell, John C.},
	title = {{Weak Values Technique for Velocity Measurements}},
	arxivId = {1304.0029},
	eprint = {arXiv:1304.0029},
	year = {2013}
}
@article{Zhou2012,
	author = {Zhou, Xinxing and Xiao, Zhicheng and Luo, Hailu and Wen, Shuangchun},
	title = {{Experimental observation of the spin Hall effect of light on a nanometal film via weak measurements}},
	journal = {Phys. Rev. A},
	volume = {85},
	issue = {4},
	pages = {043809},
	year = {2012}
}

@book{Milonni2010,
author = {Milonni, Peter W. and Eberly, Joseph H.},
title = {Laser Physics},
publisher = {Wiley},
pages = {269-327},
year = {2010}
}

@article{Treps2002,
author = {Treps, N. and Andersen, U. and Bulcher, B. and Lam, P. K. and Maitre, A. and Bachor, H.-A. and Fabre, C.},
title = {{Surpassing the Standard Quantum Limit for Optical Imaging Using Nonclassical Multimode Light}},
journal = {Phys. Rev. Lett.},
volume = {88},
number = {20},
pages = {203601},
year = {2002}
}

@article{Meers1991,
author = {Meers, B.J. and Strain, K.A.},
title = {{Wave-front distortion in laser-interferometric gravitational-wave detectors}},
journal = {Phys. Rev. D},
volume = {43},
pages = {3117-3130},
year = {1991}
}

@inproceedings{Drever1983,
author = {Drever, R.W.P.},
booktitle = {Quantum Optics: Experimental Gravity and Measurement Theory},
publisher = {Plenum, New York},
pages = {525-566},
year = {1983}
}

@article{Schnier1997,
author = {Schnier, D. and Mizuno, J. and Heinzel, G. and L\"{u}ck, H and R\"udinger, A. and Schilling, R. and Schrempel, M. and Winkler, W. and Danzmann, K.},
title = {{Power recycling in the Garching 30 m prototype interferometer for gravitational-wave detection}},
journal = {Phys. Lett. A},
volume = {225},
pages = {210-216},
year = {1997}
}

@article{Barnett2003,
author = {Barnett, S. M. and Fabre, C. and Ma\^{i}tre, A.},
title = {{Ultimate quantum limits for resolution of beam displacements}},
journal = {Eur. Phys. J. D},
volume = {22},
number = {3},
pages = {513--519},
year = {2003}
}
@article{Caves1981,
author = {Caves, Carlton M.},
title = {{Quantum-mechanical noise in an interferometer}},
journal = {Phys. Rev. D},
volume = {23},
number = {8},
pages = {1693--1708},
year = {1981}
}
@article{Dixon2009,
author = {Dixon, P Ben and Starling, David J and Jordan, Andrew N and Howell, John C},
journal = {Phys. Rev. Lett.},
pages = {173601},
title = {{Ultrasensitive Beam Deflection Measurement via Interferometric Weak Value Amplification}},
volume = {102},
year = {2009}
}
@article{Howell2010,
author = {Howell, J. C. and Starling, D. J. and Dixon, P. B. and Vudyasetu, P. K. and Jordan, A. N.},
title = {{Interferometric weak value deflections: quantum and classical treatments}},
journal = {Phys. Rev. A},
volume = {81},
pages = {033813},
year = {2010}
}
@article{Starling2009,
author = {Starling, David J. and Dixon, P. Ben and Jordan, Andrew N. and Howell, John C.},
journal = {Phys. Rev. A},
pages = {041803},
title = {{Optimizing the signal-to-noise ratio of a beam-deflection measurement with interferometric weak values}},
volume = {80},
year = {2009}
}
@article{Starling2010,
author = {Starling, David J. and Dixon, P. Ben and Jordan, Andrew N. and Howell, John C.},
journal = {Phys. Rev. A},
pages = {063822},
title = {{Precision frequency measurements with interferometric weak values}},
volume = {82},
year = {2010}
}
@unpublished{Starling2010a,
author = {Starling, David J. and Dixon, P. Ben and Jordan, Andrew N. and Howell, John C.},
title = {{Continuous phase amplification with a Sagnac interferometer}},
arxivId = {0912.2357},
eprint = {arXiv:0912.2357},
year = {2010}
}
@article{Starling2010b,
author = {Starling, David J. and Dixon, P. Ben and Williams, N. S. and Jordan, Andrew N. and Howell, John C.},
journal = {Phys. Rev. A},
pages = {011802(R)},
title = {{Continuous phase amplification with a Sagnac interferometer}},
volume = {82},
year = {2010}
}
@article{Hosten2006,
author = {Hosten, Onur and Rakher, Matthew T. and Barreiro, Julio T. and Peters, Nicholas A. and Kwiat, Paul},
journal = {Nature},
volume = {439},
pages = {949--952},
title = {{Counterfactual quantum computation through quantum interrogation}},
year = {2006}
}
@article{Hosten2008,
author = {Hosten, Onur and Kwiat, Paul},
journal = {Science},
pages = {787},
title = {{Observation of the Spin Hall Effect of Light via Weak Measurements}},
volume = {319},
year = {2008}
}
@unpublished{Koike2011,
author = {Koike, Tatsuhiko and Tanaka, Saki},
title = {{On Amplification by Weak Measurement}},
eprint = {arXiv:1108.2050},
arxivId = {1108.2050},
year = {2011}
}
@article{Aharonov1988,
author = {Aharonov, Yakir and Albert, David Z and Vaidman, Lev},
journal = {Phys. Rev. Lett.},
month = apr,
number = {14},
pages = {1351 -- 1354},
publisher = {American Physical Society},
title = {{How the result of a measurement of a component of the spin of a spin-1/2 particle can turn out to be 100}},
volume = {60},
year = {1988}
}
@article{Aharonov2011,
author = {Aharonov, Yakir and Columbo, F. and Sabadini, I. and Struppa, D. C. and Tollaksen, J.},
title = {{Some mathematical properties of superoscillations}},
journal = {J. Phys. A: Math. Theor.},
volume = {44},
pages = {365304},
year = {2011}
}
@article{Berry2011,
author = {Berry, M. V. and Shukla, Pragya},
title = {{Pointer supershifts and superoscillations in weak measurements}},
journal = {J. Phys. A: Math. Theor.},
volume = {45},
pages = {015301},
year = {2011}
}
@article{Brunner2010,
author = {Brunner, Nicolas and Simon, Christoph},
title = {{Measuring Small Longitudinal Phase Shifts: Weak Measurements or Standard Interferometry?}},
journal = {Phys. Rev. Lett.},
volume = {105},
pages = {010405},
year = {2010}
}
@article{Dressel2010,
author = {Dressel, J. and Agarwal, S. and Jordan, A. N.},
journal = {Phys. Rev. Lett.},
number = {24},
pages = {240401},
publisher = {American Physical Society},
title = {{Contextual Values of Observables in Quantum Measurements}},
volume = {104},
year = {2010}
}
@article{Dressel2013,
author = {Dressel, J. and Lyons, K. and Jordan, A. N. and Graham, T. and Kwiat, P.},
journal = {Phys. Rev. A},
volume = {88},
title = {{Strengthening Weak Values With Recycled Photons}},
pages = {023821},
year = {2013}
}
@article{Viza2014, 
author = {Viza, G. I. and Martinez-Rinc\'on, J. and Alves, G. B. and Jordan, A. N. and Howell, J. C.},
journal = {arXiv:1410.8461},
title = {{Experimentally Quantifying the Advantages of Weak-Values-Based Metrology}},
year = {2014}
}
@article{Jordan2014,
author = {Jordan, A. N. and Martinez-Rinc\'on, J. and Howell, J. C.},
journal = {Phys. Rev. X},
volume = {4},
title = {{Technical advantages for weak value amplification: When less is more}},
pages = {011031},
year = {2014}
}
@article{Dressel2014,
author = {Dressel, J. and Malik, M. and Miatto, F. M. and Jordan, A. N. and Boyd, R. W. },
journal = {Rev. Mod. Phys.},
volume = { 86},
title = {{Understanding Quantum Weak Values: Basics and Applications}},
pages = {307},
year = {2014}
}
@article{Hogan2011,
author = {Hogan, H. and Hammer, J. and Chiow, S.-W. and Dickerson, S. and Johnson, D. M. S. and Kovachy, T. and Sugerbaker, A. and Kasevich, M. A.},
journal = {Optics letters},
volume = {36},
title = {{Precision angle sensor using an optical lever
inside a Sagnac interferometer}},
pages = {1698},
year = {2011}
}
@article{Pang2014,
author = {Pang, S. and Dressel, J. and Brun, T. A.},
title = {{Entanglement-assisted weak-value amplification}},
journal = {Phys. Rev. Lett.},
volume = {113},
pages = {030401},
year = {2014}
}
@article{Dixon2009,
	author = {Dixon, P Ben and Starling, David J and Jordan, Andrew N and Howell, John C},
	journal = {Phys. Rev. Lett.},
	pages = {173601},
	title = {{Ultrasensitive Beam Deflection Measurement via Interferometric Weak Value Amplification}},
	volume = {102},
	year = {2009}
}
@article{Starling2009,
	author = {Starling, David J. and Dixon, P. Ben and Jordan, Andrew N. and Howell, John C.},
	journal = {Phys. Rev. A},
	pages = {041803},
	title = {{Optimizing the signal-to-noise ratio of a beam-deflection measurement with interferometric weak values}},
	volume = {80},
	year = {2009}
}
@article{Howell2010,
	author = {Howell, J. C. and Starling, D. J. and Dixon, P. B. and Vudyasetu, P. K. and Jordan, A. N.},
	title = {{Interferometric weak value deflections: quantum and classical treatments}},
	journal = {Phys. Rev. A},
	volume = {81},
	pages = {033813},
	year = {2010}
}
@article{Starling2010,
	author = {Starling, David J. and Dixon, P. Ben and Jordan, Andrew N. and Howell, John C.},
	journal = {Phys. Rev. A},
	pages = {063822},
	title = {{Precision frequency measurements with interferometric weak values}},
	volume = {82},
	year = {2010}
}
@article{Starling2010a,
	author = {Starling, David J. and Dixon, P. Ben and Williams, N. S. and Jordan, Andrew N. and Howell, John C.},
	journal = {Phys. Rev. A},
	pages = {011802(R)},
	title = {{Continuous phase amplification with a Sagnac interferometer}},
	volume = {82},
	year = {2010}
}
@article{Dressel2013,
	author = {Dressel, J. and Lyons, K. and Jordan, A. N. and Graham, T. and Kwiat, P.},
	journal = {Phys. Rev. A},
	volume = {88},
	title = {{Strengthening Weak Values With Recycled Photons}},
	pages = {023821},
	year = {2013}
}
@article{Pfeifer:11, 
	author = {Marcel Pfeifer and Peer Fischer}, 
	journal = {Opt. Express}, 
	keywords = {Instrumentation, measurement, and metrology; Refraction; Birefringence; Chiral media},
	number = {17}, 
	pages = {16508--16517}, 
	publisher = {OSA},
	title = {Weak value amplified optical activity measurements}, 
	volume = {19}, 
	month = {Aug},
	year = {2011},
	url = {http://www.opticsexpress.org/abstract.cfm?URI=oe-19-17-16508},
	doi = {10.1364/OE.19.016508},
	abstract = {We present a new form of optical activity measurement based on a modified weak value amplification scheme. It has recently been shown experimentally that the left- and right-circular polarization components refract with slightly different angles of refraction at a chiral interface causing a linearly polarized light beam to split into two. By introducing a polarization modulation that does not give rise to a change in the optical rotation it is possible to differentiate between the two circular polarization components even after post-selection with a linear polarizer. We show that such a modified weak value amplification measurement permits the sign of the splitting and thus the handedness of the optically active medium to be determined. Angular beam separations of $\Delta$$\theta$ $\sim$ 1 nanoradian, which corresponds to a circular birefringence of $\Delta$n $\sim$ 1 {\texttimes} 10{\textminus}9, could be measured with a relative error of less than 1\%.},
}
@article{Zhou2013,
	title = {Weak-value amplification of light deflection by a dark atomic ensemble},
	author = {Zhou, Lan and Turek, Yusuf and Sun, C. P. and Nori, Franco},
	journal = {Phys. Rev. A},
	volume = {88},
	issue = {5},
	pages = {053815},
	numpages = {8},
	year = {2013},
	month = {Nov},
	publisher = {American Physical Society},
	doi = {10.1103/PhysRevA.88.053815},
	url = {http://link.aps.org/doi/10.1103/PhysRevA.88.053815}
}
@article{Strubi2013,
	title = {Measuring Ultrasmall Time Delays of Light by Joint Weak Measurements},
	author = {Str\"ubi, Gr\'egory and Bruder, C.},
	journal = {Phys. Rev. Lett.},
	volume = {110},
	issue = {8},
	pages = {083605},
	numpages = {5},
	year = {2013},
	month = {Feb},
	publisher = {American Physical Society},
	doi = {10.1103/PhysRevLett.110.083605},
	url = {http://link.aps.org/doi/10.1103/PhysRevLett.110.083605}
}
@article{Egan:12, 
	author = {Patrick Egan and Jack A. Stone}, 
	journal = {Opt. Lett.}, 
	keywords = {Interferometry; Temperature; Thermo-optical materials; Prisms},
	number = {23}, 
	pages = {4991--4993}, 
	publisher = {OSA},
	title = {Weak-value thermostat with 0.2\&\#xA0;mK precision}, 
	volume = {37}, 
	month = {Dec},
	year = {2012},
	url = {http://ol.osa.org/abstract.cfm?URI=ol-37-23-4991},
	doi = {10.1364/OL.37.004991},
	abstract = {A new laser-based thermostat sensitive to 0.2\&\#xA0;mK at room temperature is reported. The method utilizes a fluid-filled prism and interferometric weak-value amplification to sense nanoradian deviations of a laser beam: due to the high thermo-optic coefficient of the fluid (colorless fluorocarbon), the deviation angle through the prism is sensitive to temperature. We estimate the daily stability of our device to be 0.2\&\#xA0;mK, which is limited by drifts in the apparatus, and the narrow 20\&\#xA0;mK capture range is the price paid for the weak measurement.},
}
@article{Zhou2012,
	title = {Experimental observation of the spin Hall effect of light on a nanometal film via weak measurements},
	author = {Zhou, Xinxing and Xiao, Zhicheng and Luo, Hailu and Wen, Shuangchun},
	journal = {Phys. Rev. A},
	volume = {85},
	issue = {4},
	pages = {043809},
	numpages = {5},
	year = {2012},
	month = {Apr},
	publisher = {American Physical Society},
	doi = {10.1103/PhysRevA.85.043809},
	url = {http://link.aps.org/doi/10.1103/PhysRevA.85.043809}
}
@article{Pang2015,
	title = {Improving the Precision of Weak Measurements by Postselection Measurement},
	author = {Pang, Shengshi and Brun, Todd A.},
	journal = {Phys. Rev. Lett.},
	volume = {115},
	issue = {12},
	pages = {120401},
	numpages = {6},
	year = {2015},
	month = {Sep},
	publisher = {American Physical Society},
	doi = {10.1103/PhysRevLett.115.120401},
	url = {http://link.aps.org/doi/10.1103/PhysRevLett.115.120401}
}
@article{Dressel2014,
	title = {\textit{Colloquium}  : Understanding quantum weak values: Basics and applications},
	author = {Dressel, Justin and Malik, Mehul and Miatto, Filippo M. and Jordan, Andrew N. and Boyd, Robert W.},
	journal = {Rev. Mod. Phys.},
	volume = {86},
	issue = {1},
	pages = {307--316},
	numpages = {10},
	year = {2014},
	month = {Mar},
	publisher = {American Physical Society},
	doi = {10.1103/RevModPhys.86.307},
	url = {http://link.aps.org/doi/10.1103/RevModPhys.86.307}
}
@article{Jordan2014,
	title = {Technical Advantages for Weak-Value Amplification: When Less Is More},
	author = {Jordan, Andrew N. and Mart\'{\i}nez-Rinc\'on, Juli\'an and Howell, John C.},
	journal = {Phys. Rev. X},
	volume = {4},
	issue = {1},
	pages = {011031},
	numpages = {11},
	year = {2014},
	month = {Mar},
	publisher = {American Physical Society},
	doi = {10.1103/PhysRevX.4.011031},
	url = {http://link.aps.org/doi/10.1103/PhysRevX.4.011031}
}
@article{Knee2014,
	title = {When Amplification with Weak Values Fails to Suppress Technical Noise},
	author = {Knee, George C. and Gauger, Erik M.},
	journal = {Phys. Rev. X},
	volume = {4},
	issue = {1},
	pages = {011032},
	numpages = {13},
	year = {2014},
	month = {Mar},
	publisher = {American Physical Society},
	doi = {10.1103/PhysRevX.4.011032},
	url = {http://link.aps.org/doi/10.1103/PhysRevX.4.011032}
}
@article{Aharonov1988,
	title = {How the result of a measurement of a component of the spin of a spin-    \textit{1/2}   particle can turn out to be 100},
	author = {Aharonov, Yakir and Albert, David Z. and Vaidman, Lev},
	journal = {Phys. Rev. Lett.},
	volume = {60},
	issue = {14},
	pages = {1351--1354},
	numpages = {0},
	year = {1988},
	month = {Apr},
	publisher = {American Physical Society},
	doi = {10.1103/PhysRevLett.60.1351},
	url = {http://link.aps.org/doi/10.1103/PhysRevLett.60.1351}
}
@article{Duck1989,
	title = {The sense in which a "weak measurement" of a spin-\textonehalf{} particle's spin component yields a value 100},
	author = {Duck, I. M. and Stevenson, P. M. and Sudarshan, E. C. G.},
	journal = {Phys. Rev. D},
	volume = {40},
	issue = {6},
	pages = {2112--2117},
	numpages = {0},
	year = {1989},
	month = {Sep},
	publisher = {American Physical Society},
	doi = {10.1103/PhysRevD.40.2112},
	url = {http://link.aps.org/doi/10.1103/PhysRevD.40.2112}
}
@article{Lyons2015,
	title = {Power-Recycled Weak-Value-Based Metrology},
	author = {Lyons, Kevin and Dressel, Justin and Jordan, Andrew N. and Howell, John C. and Kwiat, Paul G.},
	journal = {Phys. Rev. Lett.},
	volume = {114},
	issue = {17},
	pages = {170801},
	numpages = {5},
	year = {2015},
	month = {Apr},
	publisher = {American Physical Society},
	doi = {10.1103/PhysRevLett.114.170801},
	url = {http://link.aps.org/doi/10.1103/PhysRevLett.114.170801}
}
@article{Starling2012,
	title = {Double Lorentzian atomic prism},
	author = {Starling, David J. and Bloch, Steven M. and Vudyasetu, Praveen K. and Choi, Joseph S. and Little, Bethany and Howell, John C.},
	journal = {Phys. Rev. A},
	volume = {86},
	issue = {2},
	pages = {023826},
	numpages = {5},
	year = {2012},
	month = {Aug},
	publisher = {American Physical Society},
	doi = {10.1103/PhysRevA.86.023826},
	url = {http://link.aps.org/doi/10.1103/PhysRevA.86.023826}
}
@techreport{Boyd2001,
	title={Slow and fast light},
	author={Boyd, Robert W and Gauthier, Daniel J},
	year={2001},
	institution={University of Rochester Institute of Optics}
}
@article{Hosten2008,
	author = {Hosten, Onur and Kwiat, Paul},
	journal = {Science},
	pages = {787},
	title = {{Observation of the Spin Hall Effect of Light via Weak Measurements}},
	volume = {319},
	year = {2008}
}
@article{Pang2016,
	title = {Protecting weak measurements against systematic errors},
	author = {Pang, Shengshi and Alonso, Jose Raul Gonzalez and Brun, Todd A. and Jordan, Andrew N.},
	journal = {Phys. Rev. A},
	volume = {94},
	issue = {1},
	pages = {012329},
	numpages = {8},
	year = {2016},
	month = {Jul},
	publisher = {American Physical Society},
	doi = {10.1103/PhysRevA.94.012329},
	url = {http://link.aps.org/doi/10.1103/PhysRevA.94.012329}
}
@article{Kofman2012,
	title = "Nonperturbative theory of weak pre- and post-selected measurements ",
	journal = "Physics Reports ",
	volume = "520",
	number = "2",
	pages = "43 - 133",
	year = "2012",
	note = "Nonperturbative theory of weak pre- and post-selected measurements ",
	issn = "0370-1573",
	doi = "http://dx.doi.org/10.1016/j.physrep.2012.07.001",
	url = "http://www.sciencedirect.com/science/article/pii/S0370157312002050",
	author = "Abraham G. Kofman and Sahel Ashhab and Franco Nori",
}
@article{Pang2014,
	title = {Entanglement-Assisted Weak Value Amplification},
	author = {Pang, Shengshi and Dressel, Justin and Brun, Todd A.},
	journal = {Phys. Rev. Lett.},
	volume = {113},
	issue = {3},
	pages = {030401},
	numpages = {6},
	year = {2014},
	month = {Jul},
	publisher = {American Physical Society},
	doi = {10.1103/PhysRevLett.113.030401},
	url = {http://link.aps.org/doi/10.1103/PhysRevLett.113.030401}
}
@article{Putnam1992,
	author = {Putnam, A.J. and de Grooth, B.G. and van Hulst, N.F. and Greve, J.},
	journal = {J. App. Phys.},
	pages = {6},
	title = {{A detailed analysis of the optical beam deflection technique for use in atomic force microscopy}},
	volume = {72},
	year = {1992}
}
@article{Barnett2003,
	author = {Barnett, S. M. and Fabre, C. and Maitre, A.},
	title = {{Ultimate quantum limits for resolution of beam displacements}},
	journal = {Eur. Phys. J. D},
	volume = {22},
	number = {3},
	pages = {513--519},
	year = {2003}
}
@article{Dixon2009,
	author = {Dixon, P Ben and Starling, David J and Jordan, Andrew N and Howell, John C},
	journal = {Phys. Rev. Lett.},
	pages = {173601},
	title = {{Ultrasensitive Beam Deflection Measurement via Interferometric Weak Value Amplification}},
	volume = {102},
	year = {2009}
}
@article{Hosten2008,
	author = {Hosten, Onur and Kwiat, Paul},
	journal = {Science},
	pages = {787},
	title = {{Observation of the Spin Hall Effect of Light via Weak Measurements}},
	volume = {319},
	year = {2008}
}
@article{Treps2002,
	author = {Treps, N. and Andersen, U. and Buchler, B. and Lam, P. K. and Maitre, A. and Bachor, H.-A. and Fabre, C.},
	journal = {Phys. Rev. Lett.},
	pages = {203601},
	title = {{Surpassing the standard quantum limit for optical imaging using nonclassical multimode light}},
	volume = {88},
	year = {2002}
}
@article{Fabre2000,
	author = {Fabre, C. and Fouet, J. B. and Maitre, A.},
	journal = {Opt. Lett.},
	pages = {76},
	title = {{Quantum limits in the measurement of very small displacements in optical images}},
	volume = {25},
	year = {2000}	
}
@article{Treps2003,
	author = {Treps, N. and Grosse, N. and Bowen, W. P. and Fabre, C. and Bachor, H.-A., and Lam, P. K.},
	journal = {Science},
	pages = {940},
	title = {{A quantum laser pointer}},
	volume = {301},
	year = {2003}
}
@article{Dressel2014,
	author = {Dressel, J. and Malik, M. and Miatto, F. and Jordan, A. N. and Boyd, R. W.},
	journal = {Rev. Mod. Phys.},
	pages = {307},
	title = {{Understanding quantum weak values: Basics and applications}}
	volume = {86},
	year = {2014}
}
@book{Agarwal2013,
	author = {Agarwal, G. S.},
	title = {{Quantum Optics}},
	year = {2013},
	publisher = {{Cambridge University Press}}
}
@article{Schneeloch2015,
	author = {Schneeloch, J. and Howell, J. C.},
	title = {{Introduction to the Transverse Spatial Correlations in Spontaneous Parametric Down-Conversion through the Biphoton Birth Zone}},
	archivePrefix = "arXiv",
	eprint = "quant-ph/1502.06996",
	year = {2015}
	
}
@book{Cahill2013,
	author = {Cahill, K.},
	title = {{Physical Mathematics}},
	year = {2013},
	publisher = {{Cambridge University Press}}
	
}
@book{Larsen2001,
	author = {Larsen, R. J. and Marx, L. M.},
	title = {{An Introduction to Mathematical Statistics and Its Applications}},
	year = {2001},
	publisher = {{Prentice Hall}},	
}
@article{Braunstein1996,
	author = {Braunstein, S. L. and Caves, C. M. and Milburn, G.J.},
	journal = {Ann. Phys.},
	pages = {135},
	year = {1996},
	title = {{Generalized uncertainty relations: theory, examples, and Lorentz invariance}},
	volume = {247},
}
@article{Knee2014,
	author = {Knee, G. C. and Gauger, E. M.},
	journal = {Phys. Rev. X},
	pages = {011032},
	year = {2014},
	title = {When amplification with weak values fails to suppress technical noise},
	volume = {4},
}
@article{Knee2015,
	author = {Knee, G.C. and Munro, W.J.},
	journal = {Phys. Rev. A},
	pages = {012130},
	year = {2015},
	title = {Fisher information vs. signal-to-noise ratio for a split detector},
	volume = {92},
}
@article{bardhan2013effects,
	title={Effects of phase fluctuations on phase sensitivity and visibility of path-entangled photon Fock states},
	author={Roy Bardhan, Bhaskar and Jiang, Kebei and Dowling, Jonathan P},
	journal={Physical Review A},
	volume={88},
	number={2},
	pages={023857},
	year={2013},
	publisher={APS}
}
@article{demkowicz2012elusive,
	title={The elusive Heisenberg limit in quantum-enhanced metrology},
	author={Demkowicz-Dobrza{\'n}ski, Rafa{\l} and Ko{\l}ody{\'n}ski, Jan and Gu{\c{t}}{\u{a}}, M{\u{a}}d{\u{a}}lin},
	journal={Nature communications},
	volume={3},
	pages={1063},
	year={2012},
	publisher={Nature Publishing Group}
}
@article{jordan2015heisenberg,
	title={Heisenberg scaling with weak measurement: a quantum state discrimination point of view},
	author={Jordan, Andrew N and Tollaksen, Jeff and Troupe, James E and Dressel, Justin and Aharonov, Yakir},
	journal={Quantum Studies: Mathematics and Foundations},
	volume={2},
	number={1},
	pages={5--15},
	year={2015},
	publisher={Springer}
}
@article{napolitano2010,
	title = {Interaction-based quantum metrology showing scaling beyond the Heisenberg limit},
	author={Napolitano, M. and Koschorreck, M. and Dubost, B. and Behbood, N. and Sewell, R. J. and Mitchell, M. W.},
	journal={Nature},
	volume={471},
	pages={486--489},
	year={2011}
}
@article{giovannetti2006,
	title = {Quantum Metrology},
	author = {Giovannetti, Vittorio and Lloyd, Seth and Maccone, Lorenzo},
	journal = {Phys. Rev. Lett.},
	volume = {96},
	issue = {1},
	pages = {010401},
	numpages = {4},
	year = {2006},
	month = {Jan},
	publisher = {American Physical Society},
	doi = {10.1103/PhysRevLett.96.010401},
	url = {http://link.aps.org/doi/10.1103/PhysRevLett.96.010401}
}
@article{Law2004,
	title = {Analysis and Interpretation of High Transverse Entanglement in Optical Parametric Down Conversion},
	author = {Law, C. K. and Eberly, J. H.},
	journal = {Phys. Rev. Lett.},
	volume = {92},
	issue = {12},
	pages = {127903},
	numpages = {4},
	year = {2004},
	month = {Mar},
	publisher = {American Physical Society},
	doi = {10.1103/PhysRevLett.92.127903},
	url = {http://link.aps.org/doi/10.1103/PhysRevLett.92.127903}
}
@article{Fedorov2009,
	author = {Fedorov, M. V. and Mikhailova, Y. M. and Volkov, P.A.},
	year = {2009}, 
	journal = {Journal of Physics B: Atomic, Molecular and Optical Physics},
	volume = 42,
	number = 17,
	pages = {175503}
}

@article{DiLorenzo2013,
	title = {Correlations between Detectors Allow Violation of the Heisenberg Noise-Disturbance Principle for Position and Momentum Measurements},
	author = {Di Lorenzo, Antonio},
	journal = {Phys. Rev. Lett.},
	volume = {110},
	issue = {12},
	pages = {120403},
	numpages = {5},
	year = {2013},
	month = {Mar},
	publisher = {American Physical Society},
	doi = {10.1103/PhysRevLett.110.120403},
	url = {http://link.aps.org/doi/10.1103/PhysRevLett.110.120403}
}

@article{Bullock2014,
	title = {Focusing in Arthurs-Kelly-Type Joint Measurements with Correlated Probes},
	author = {Bullock, Thomas J. and Busch, Paul},
	journal = {Phys. Rev. Lett.},
	volume = {113},
	issue = {12},
	pages = {120401},
	numpages = {5},
	year = {2014},
	month = {Sep},
	publisher = {American Physical Society},
	doi = {10.1103/PhysRevLett.113.120401},
	url = {http://link.aps.org/doi/10.1103/PhysRevLett.113.120401}
}

@article{Einstein1935,
	title = {Can Quantum-Mechanical Description of Physical Reality Be Considered Complete?},
	author = {Einstein, A. and Podolsky, B. and Rosen, N.},
	journal = {Phys. Rev.},
	volume = {47},
	issue = {10},
	pages = {777--780},
	numpages = {0},
	year = {1935},
	month = {May},
	publisher = {American Physical Society},
	doi = {10.1103/PhysRev.47.777},
	url = {http://link.aps.org/doi/10.1103/PhysRev.47.777}
}

