@article{Barnett2003,
author = {Barnett, S.M. and Fabre, C. and Maitre, A.},
title = {{Ultimate quantum limits for resolution of beam displacement}},
journal = {Eur. Phys. J. D},
volume = {22},
pages = {513},
year = {2003}
}
@article{Treps2002,
author = {Treps, N. and Andersen, U. and Bulcher, B. and Lam, P. K. and Maitre, A. and Bachor, H.-A. and Fabre, C.},
title = {{Surpassing the Standard Quantum Limit for Optical Imaging Using Nonclassical Multimode Light}},
journal = {Phys. Rev. Lett.},
volume = {88},
number = {20},
pages = {203601},
year = {2002}
}
@article{Treps2003,
author = {Treps, N. and Grosse, Nicolai and Bowen, Warwick P. and Fabre, Claude and Bachor, Hans-A. and Lam, Ping Koy},
title = {{A Quantum Laser Pointer}},
journal = {Science},
volume = {301},
pages = {940},
year = {2003}
}
@book{Loudon2000,
author = {Loudon, Rodney},
title = {{The Quantum Theory of Light}},
year = {2000},
publisher = {{Oxford University Press}},
edition = {Third}
}
@article{Dixon2009,
author = {Dixon, P Ben and Starling, David J and Jordan, Andrew N and Howell, John C},
journal = {Phys. Rev. Lett.},
pages = {173601},
title = {{Ultrasensitive Beam Deflection Measurement via Interferometric Weak Value Amplification}},
volume = {102},
year = {2009}
}
@book{Arfken2005,
author = {Arfken, George B. and Weber, Hans J.},
title = {{Mathematical Methods For Physicists}},
year = {2005},
publisher = {Elsevier},
edition = {6th}
}
@article{Vahlbruch2008,
author = {Vahlbruch, Henning and Mehmet, Moritz and Chelkowski, Simon and Hage, Boris and Franzen, Alexander and Lastzka, Nico and Go{\ss}ler, Stefan and Danzmann, Karsten and Schnabel, Roman},
journal = {Phys. Rev. Lett.},
pages = {033602},
title = {{Observation of Squeezed Light with 10-dB Quantum Noise Reduction}},
volume = {100},
year = {2008}
}
@article{Siegman1973,
author = {Siegman, A. E.},
journal = {J. Opt. Soc. Am.},
pages = {1093},
title = {{Hermite-gaussian functions of complex argument as optical beam eigenfunctions}},
volume = {63},
year = {1973},
number = {9}
}
@article{Starling2009,
author = {Starling, David J. and Dixon, P. Ben and Jordan, Andrew N. and Howell, John C.},
journal = {Phys. Rev. A},
pages = {041803},
title = {{Optimizing the signal-to-noise ratio of a beam-deflection measurement with interferometric weak values}},
volume = {80},
year = {2009}
}

@article{Vahlbruch2005,
author = {Vahlbruch, Henning and Chelkowski, Simon and Hage, Boris and Franzen, Alexander and Danzmann, Karsten and Schnabel, Roman},
journal = {Phys. Rev. Lett.},
pages = {211102},
title = {{Demonstration of a Squeezed-Light-Enhanced Power- and Signal-Recycled Michelson Interferometer}},
volume = {95},
year = {2005}
}

@article{Caves1981,
author = {Caves, Carlton M.},
title = {{Quantum-mechanical noise in an interferometer}},
journal = {Phys. Rev. D},
volume = {23},
number = {8},
pages = {1693--1708},
year = {1981}
}

@article{Xiao1987,
author = {Xiao, Min and Wu, Ling-An and Kimble, H. J.},
title = {{Precision Measurement beyond the Shot-Noise Limit}},
journal = {Phys. Rev. Lett.},
volume = {59},
number = {3},
pages = {278},
year = {1987}
}

@article{Aharonov1988,
author = {Aharonov, Yakir and Albert, David Z and Vaidman, Lev},
journal = {Phys. Rev. Lett.},
month = apr,
number = {14},
pages = {1351 -- 1354},
publisher = {American Physical Society},
title = {{How the result of a measurement of a component of the spin of a spin-1/2 particle can turn out to be 100}},
volume = {60},
year = {1988}
}

@article{Hosten2008,
author = {Hosten, Onur and Kwiat, Paul},
journal = {Science},
pages = {787},
title = {{Observation of the Spin Hall Effect of Light via Weak Measurements}},
volume = {319},
year = {2008}
}

@article{Starling2010,
author = {Starling, David J. and Dixon, P. Ben and Jordan, Andrew N. and Howell, John C.},
journal = {Phys. Rev. A},
pages = {063822},
title = {{Precision frequency measurements with interferometric weak values}},
volume = {82},
year = {2010}
}