@article{Aharonov1988,
author = {Aharonov, Yakir and Albert, David Z and Vaidman, Lev},
journal = {Phys. Rev. Lett.},
month = apr,
number = {14},
pages = {1351 -- 1354},
publisher = {American Physical Society},
title = {{How the result of a measurement of a component of the spin of a spin-1/2 particle can turn out to be 100}},
volume = {60},
year = {1988}
}
@article{Aharonov2011,
author = {Aharonov, Yakir and Columbo, F. and Sabadini, I. and Struppa, D. C. and Tollaksen, J.},
title = {{Some mathematical properties of superoscillations}},
journal = {J. Phys. A: Math. Theor.},
volume = {44},
pages = {365304},
year = {2011}
}
@article{Barnett2003,
author = {Barnett, S. M. and Fabre, C. and Ma\^{i}tre, A.},
title = {{Ultimate quantum limits for resolution of beam displacements}},
journal = {Eur. Phys. J. D},
volume = {22},
number = {3},
pages = {513--519},
year = {2003}
}
@article{Berry2011,
author = {Berry, M. V. and Shukla, Pragya},
title = {{Pointer supershifts and superoscillations in weak measurements}},
journal = {J. Phys. A: Math. Theor.},
volume = {45},
pages = {015301},
year = {2011}
}
@book{Born1959,
author = {Born, Max and Wolf, Emil},
title = {{Principles of Optics}},
year = {1959},
publisher = {Pergamon Press, New York}
}
@article{Brunner2003,
author = {Brunner, Nicolas and Acin, Antonio and Collins, Daniel and Gisin, Nicolas and Scarani, Valerio},
title = {{Optical telecom networks as weak quantum measurements with post-selection}},
journal = {Phys. Rev. Lett.},
volume = {91},
pages = {180402},
year = {2003}
}
@article{Brunner2010,
author = {Brunner, Nicolas and Simon, Christoph},
title = {{Measuring Small Longitudinal Phase Shifts: Weak Measurements or Standard Interferometry?}},
journal = {Phys. Rev. Lett.},
volume = {105},
pages = {010405},
year = {2010}
}
@article{Caves1981,
author = {Caves, Carlton M.},
title = {{Quantum-mechanical noise in an interferometer}},
journal = {Phys. Rev. D},
volume = {23},
number = {8},
pages = {1693--1708},
year = {1981}
}
@article{DiLorenzo2012,
author = {{Di Lorenzo}, Antonio},
title = {{Full counting statistics of weak measurement}},
journal = {Phys. Rev. A},
number = {3},
volume = {85},
pages = {032106},
year = {2012}
}
@article{Dixon2009,
author = {Dixon, P Ben and Starling, David J and Jordan, Andrew N and Howell, John C},
journal = {Phys. Rev. Lett.},
pages = {173601},
title = {{Ultrasensitive Beam Deflection Measurement via Interferometric Weak Value Amplification}},
volume = {102},
year = {2009}
}
@article{Dressel2010,
author = {Dressel, J. and Agarwal, S. and Jordan, A. N.},
journal = {Phys. Rev. Lett.},
number = {24},
pages = {240401},
publisher = {American Physical Society},
title = {{Contextual Values of Observables in Quantum Measurements}},
volume = {104},
year = {2010}
}
@inproceedings{Drever1983,
author = {Drever, R.W.P.},
booktitle = {Quantum Optics: Experimental Gravity and Measurement Theory},
publisher = {Plenum, New York},
pages = {525-566},
year = {1983}
}
@article{Duck1989,
author = {Duck, I. M. and Stevenson, P. M. and Sudarshan, E. C. G.},
journal = {Phys. Rev. D},
number = {6},
pages = {2112--2117},
title = {{The sense in which a ``weak measurement'' of a spin-1/2 particle's spin component yields a value 100}},
volume = {40},
year = {1989}
}
@article{Egan2012,
author = {Egan, Patrick and Stone, Jack A.},
title = {{Weak-value thermostat with 0.2 mK precision}},
journal = {Opt. Lett.},
volume = {37},
pages = {4991-4993},
year = {2012}
}
@article{Hogan2011,
author = {Hogan, J. M. and Hammer, J. and Chiow, S.-W. and Dickerson, S. and Johnson, D. M. S. and Kovachy, T. and Sugarbaker, A. and Kasevich, M. A.},
title = {{Precision angle sensor using an optical lever inside a Sagnac interferometer}},
journal = {Opt. Lett.},
volume = {36},
issue = {9},
pages = {1698--1700},
year = {2011}
}
@article{Hosten2006,
author = {Hosten, Onur and Rakher, Matthew T. and Barreiro, Julio T. and Peters, Nicholas A. and Kwiat, Paul},
journal = {Nature},
volume = {439},
pages = {949--952},
title = {{Counterfactual quantum computation through quantum interrogation}},
year = {2006}
}
@article{Hosten2008,
author = {Hosten, Onur and Kwiat, Paul},
journal = {Science},
pages = {787},
title = {{Observation of the Spin Hall Effect of Light via Weak Measurements}},
volume = {319},
year = {2008}
}
@article{Howell2010,
author = {Howell, J. C. and Starling, D. J. and Dixon, P. B. and Vudyasetu, P. K. and Jordan, A. N.},
title = {{Interferometric weak value deflections: quantum and classical treatments}},
journal = {Phys. Rev. A},
volume = {81},
pages = {033813},
year = {2010}
}
@article{Kofman2012,
author = {Kofman, Abraham G. and Ashkab, Sahel and Nori, Franco},
title = {{Nonperturbative theory of weak pre- and post-selected measurements}},
journal = {Phys. Rep.},
volume = {520},
pages = {43--133},
year = {2012}
}
@article{Koike2011,
author = {Koike, Tatsuhiko and Tanaka, Saki},
title = {{Limits on amplification by Aharonov-Albert-Vaidman weak measurement}},
journal = {Phys. Rev. A},
number = {6},
volume = {84},
pages = {062106},
year = {2011}
}
@article{Meers1991,
author = {Meers, B. J. and Strain, K. A.},
title = {{Wave-front distortion in laser-interferometric gravitational-wave detectors}},
journal = {Phys. Rev. D},
volume = {43},
pages = {3117-3130},
year = {1991}
}
@article{Pfeifer2011,
author = {Pfeifer, Marcel and Fischer, Peer},
title = {{Weak value amplified optical activity measurements}},
journal = {Opt. Exp.},
volume = {19},
pages = {16508-16517},
year = {2011}
}
@article{Ritchie1991,
author = {Ritchie, N W M and Story, J G and Hulet, Randall G},
journal = {Phys. Rev. Lett.},
number = {9},
pages = {1107 -- 1110},
publisher = {American Physical Society},
title = {{Realization of a measurement of a ``weak value''}},
volume = {66},
year = {1991}
}
@article{Schnier1997,
author = {Schnier, D. and Mizuno, J. and Heinzel, G. and L\"{u}ck, H and R\"udinger, A. and Schilling, R. and Schrempel, M. and Winkler, W. and Danzmann, K.},
title = {{Power recycling in the Garching 30 m prototype interferometer for gravitational-wave detection}},
journal = {Phys. Lett. A},
volume = {225},
pages = {210-216},
year = {1997}
}
@article{Starling2009,
author = {Starling, David J. and Dixon, P. Ben and Jordan, Andrew N. and Howell, John C.},
journal = {Phys. Rev. A},
pages = {041803},
title = {{Optimizing the signal-to-noise ratio of a beam-deflection measurement with interferometric weak values}},
volume = {80},
year = {2009}
}
@article{Starling2010,
author = {Starling, David J. and Dixon, P. Ben and Jordan, Andrew N. and Howell, John C.},
journal = {Phys. Rev. A},
pages = {063822},
title = {{Precision frequency measurements with interferometric weak values}},
volume = {82},
year = {2010}
}
@unpublished{Starling2010a,
author = {Starling, David J. and Dixon, P. Ben and Jordan, Andrew N. and Howell, John C.},
title = {{Continuous phase amplification with a Sagnac interferometer}},
arxivId = {0912.2357},
eprint = {arXiv:0912.2357},
year = {2010}
}
@article{Starling2010b,
author = {Starling, David J. and Dixon, P. Ben and Williams, N. S. and Jordan, Andrew N. and Howell, John C.},
journal = {Phys. Rev. A},
pages = {011802(R)},
title = {{Continuous phase amplification with a Sagnac interferometer}},
volume = {82},
year = {2010}
}
@article{Strubi2013,
author = {Str\"{u}bi, G. and Bruder, C},
title = {{Measuring Ultrasmall Time Delays of Light by Joint Weak Measurements}},
journal = {Phys. Rev. Lett.},
volume = {110},
pages = {083605},
year = {2013}
}
@article{Treps2002,
author = {Treps, N. and Andersen, U. and Buchler, B. and Lam, P. K. and Maitre, A. and Bachor, H.-A. and Fabre, C.},
title = {{Surpassing the Standard Quantum Limit for Optical Imaging Using Nonclassical Multimode Light}},
journal = {Phys. Rev. Lett.},
volume = {88},
number = {20},
pages = {203601},
year = {2002}
}
@article{Treps2003,
author = {Treps, N. and Grosse, Nicolai and Bowen, Warwick P. and Fabre, Claude and Bachor, Hans-A. and Lam, Ping Koy},
title = {{A Quantum Laser Pointer}},
journal = {Science},
volume = {301},
pages = {940},
year = {2003}
}
@article{Turner2011,
author = {Turner, Matthew D. and Hagedorn, Charles A. and Schlamminger, Stephan and Gundlach, Jens H.},
title = {{Picoradian deflection measurement with an interferometric quasi-autocollimator using weak value amplification}},
journal = {Opt. Lett.},
volume = {36},
issue = {8},
pages = {1479--1481},
year = {2011}
}
@article{Vahlbruch2005,
author = {Vahlbruch, Henning and Chelkowski, Simon and Hage, Boris and Franzen, Alexander and Danzmann, Karsten and Schnabel, Roman},
journal = {Phys. Rev. Lett.},
pages = {211102},
title = {{Demonstration of a Squeezed-Light-Enhanced Power- and Signal-Recycled Michelson Interferometer}},
volume = {95},
year = {2005}
}
@unpublished{Viza2013,
author = {Viza, Gerardo I. and Mart\'inez-Rinc\'on, Juli\'an and Howland, Gregory A. and Frostig, Hadas and Shromroni, Itay and Dayan, Barak and Howell, John C.},
title = {{Weak Values Technique for Velocity Measurements}},
arxivId = {1304.0029},
eprint = {arXiv:1304.0029},
year = {2013}
}
@article{Zhou2012,
author = {Zhou, Xinxing and Xiao, Zhicheng and Luo, Hailu and Wen, Shuangchun},
title = {{Experimental observation of the spin Hall effect of light on a nanometal film via weak measurements}},
journal = {Phys. Rev. A},
volume = {85},
issue = {4},
pages = {043809},
year = {2012}
}
