@book{Milonni2010,
author = {Milonni, Peter W. and Eberly, Joseph H.},
title = {Laser Physics},
publisher = {Wiley},
pages = {269-327},
year = {2010}
}

@article{Treps2002,
author = {Treps, N. and Andersen, U. and Bulcher, B. and Lam, P. K. and Maitre, A. and Bachor, H.-A. and Fabre, C.},
title = {{Surpassing the Standard Quantum Limit for Optical Imaging Using Nonclassical Multimode Light}},
journal = {Phys. Rev. Lett.},
volume = {88},
number = {20},
pages = {203601},
year = {2002}
}

@article{Meers1991,
author = {Meers, B.J. and Strain, K.A.},
title = {{Wave-front distortion in laser-interferometric gravitational-wave detectors}},
journal = {Phys. Rev. D},
volume = {43},
pages = {3117-3130},
year = {1991}
}

@inproceedings{Drever1983,
author = {Drever, R.W.P.},
booktitle = {Quantum Optics: Experimental Gravity and Measurement Theory},
publisher = {Plenum, New York},
pages = {525-566},
year = {1983}
}

@article{Schnier1997,
author = {Schnier, D. and Mizuno, J. and Heinzel, G. and L\"{u}ck, H and R\"udinger, A. and Schilling, R. and Schrempel, M. and Winkler, W. and Danzmann, K.},
title = {{Power recycling in the Garching 30 m prototype interferometer for gravitational-wave detection}},
journal = {Phys. Lett. A},
volume = {225},
pages = {210-216},
year = {1997}
}

@article{Barnett2003,
author = {Barnett, S. M. and Fabre, C. and Ma\^{i}tre, A.},
title = {{Ultimate quantum limits for resolution of beam displacements}},
journal = {Eur. Phys. J. D},
volume = {22},
number = {3},
pages = {513--519},
year = {2003}
}
@article{Caves1981,
author = {Caves, Carlton M.},
title = {{Quantum-mechanical noise in an interferometer}},
journal = {Phys. Rev. D},
volume = {23},
number = {8},
pages = {1693--1708},
year = {1981}
}
@article{Dixon2009,
author = {Dixon, P Ben and Starling, David J and Jordan, Andrew N and Howell, John C},
journal = {Phys. Rev. Lett.},
pages = {173601},
title = {{Ultrasensitive Beam Deflection Measurement via Interferometric Weak Value Amplification}},
volume = {102},
year = {2009}
}
@article{Howell2010,
author = {Howell, J. C. and Starling, D. J. and Dixon, P. B. and Vudyasetu, P. K. and Jordan, A. N.},
title = {{Interferometric weak value deflections: quantum and classical treatments}},
journal = {Phys. Rev. A},
volume = {81},
pages = {033813},
year = {2010}
}
@article{Kofman2011,
author = {Kofman, A. G. and Ashkab, S. and Nori, F.},
title = {{Nonperturbative theory of weak pre- and post-selected measurements}},
journal = {Physics Reports},
volume = {520},
pages = {43-133},
year = {2012}
}

@article{Starling2009,
author = {Starling, David J. and Dixon, P. Ben and Jordan, Andrew N. and Howell, John C.},
journal = {Phys. Rev. A},
pages = {041803},
title = {{Optimizing the signal-to-noise ratio of a beam-deflection measurement with interferometric weak values}},
volume = {80},
year = {2009}
}
@article{Starling2010,
author = {Starling, David J. and Dixon, P. Ben and Jordan, Andrew N. and Howell, John C.},
journal = {Phys. Rev. A},
pages = {063822},
title = {{Precision frequency measurements with interferometric weak values}},
volume = {82},
year = {2010}
}
@unpublished{Starling2010a,
author = {Starling, David J. and Dixon, P. Ben and Jordan, Andrew N. and Howell, John C.},
title = {{Continuous phase amplification with a Sagnac interferometer}},
arxivId = {0912.2357},
eprint = {arXiv:0912.2357},
year = {2010}
}
@article{Starling2010b,
author = {Starling, David J. and Dixon, P. Ben and Williams, N. S. and Jordan, Andrew N. and Howell, John C.},
journal = {Phys. Rev. A},
pages = {011802(R)},
title = {{Continuous phase amplification with a Sagnac interferometer}},
volume = {82},
year = {2010}
}
@article{Hosten2006,
author = {Hosten, Onur and Rakher, Matthew T. and Barreiro, Julio T. and Peters, Nicholas A. and Kwiat, Paul},
journal = {Nature},
volume = {439},
pages = {949--952},
title = {{Counterfactual quantum computation through quantum interrogation}},
year = {2006}
}
@article{Hosten2008,
author = {Hosten, Onur and Kwiat, Paul},
journal = {Science},
pages = {787},
title = {{Observation of the Spin Hall Effect of Light via Weak Measurements}},
volume = {319},
year = {2008}
}
@unpublished{Koike2011,
author = {Koike, Tatsuhiko and Tanaka, Saki},
title = {{On Amplification by Weak Measurement}},
eprint = {arXiv:1108.2050},
arxivId = {1108.2050},
year = {2011}
}
@article{Aharonov1988,
author = {Aharonov, Yakir and Albert, David Z and Vaidman, Lev},
journal = {Phys. Rev. Lett.},
month = apr,
number = {14},
pages = {1351 -- 1354},
publisher = {American Physical Society},
title = {{How the result of a measurement of a component of the spin of a spin-1/2 particle can turn out to be 100}},
volume = {60},
year = {1988}
}
@article{Aharonov2011,
author = {Aharonov, Yakir and Columbo, F. and Sabadini, I. and Struppa, D. C. and Tollaksen, J.},
title = {{Some mathematical properties of superoscillations}},
journal = {J. Phys. A: Math. Theor.},
volume = {44},
pages = {365304},
year = {2011}
}
@article{Berry2011,
author = {Berry, M. V. and Shukla, Pragya},
title = {{Pointer supershifts and superoscillations in weak measurements}},
journal = {J. Phys. A: Math. Theor.},
volume = {45},
pages = {015301},
year = {2011}
}
@article{Brunner2010,
author = {Brunner, Nicolas and Simon, Christoph},
title = {{Measuring Small Longitudinal Phase Shifts: Weak Measurements or Standard Interferometry?}},
journal = {Phys. Rev. Lett.},
volume = {105},
pages = {010405},
year = {2010}
}
@article{Dressel2010,
author = {Dressel, J. and Agarwal, S. and Jordan, A. N.},
journal = {Phys. Rev. Lett.},
number = {24},
pages = {240401},
publisher = {American Physical Society},
title = {{Contextual Values of Observables in Quantum Measurements}},
volume = {104},
year = {2010}
}
@article{Dressel2013,
author = {Dressel, J. and Lyons, K. and Jordan, A. N. and Graham, T. and Kwiat, P.},
journal = {Phys. Rev. A},
volume = {88},
title = {{Strengthening Weak Values With Recycled Photons}},
pages = {023821},
year = {2013}
}
@article{Viza2014, 
author = {Viza, G. I. and Mart\'inez-Rinc\'on, J. and Alves, G. B. and Jordan, A. N. and Howell, J. C.},
journal = {arXiv:1410.8461},
title = {{Experimentally Quantifying the Advantages of Weak-Values-Based Metrology}},
year = {2014}
}
@article{Jordan2014,
author = {Jordan, A. N. and Mart\'inez-Rinc\'on, J. and Howell, J. C.},
journal = {Phys. Rev. X},
volume = {4},
title = {{Technical advantages for weak value amplification: When less is more}},
pages = {011031},
year = {2014}
}
@article{Dressel2014,
author = {Dressel, J. and Malik, M. and Miatto, F. M. and Jordan, A. N. and Boyd, R. W. },
journal = {Rev. Mod. Phys.},
volume = { 86},
title = {{Understanding Quantum Weak Values: Basics and Applications}},
pages = {307},
year = {2014}
}
@article{Hogan2011,
author = {Hogan, H. and Hammer, J. and Chiow, S.-W. and Dickerson, S. and Johnson, D. M. S. and Kovachy, T. and Sugerbaker, A. and Kasevich, M. A.},
journal = {Optics letters},
volume = {36},
title = {{Precision angle sensor using an optical lever
inside a Sagnac interferometer}},
pages = {1698},
year = {2011}
}
@article{Pang2014,
author = {Pang, S. and Dressel, J. and Brun, T. A.},
title = {{Entanglement-assisted weak-value amplification}},
journal = {Phys. Rev. Lett.},
volume = {113},
pages = {030401},
year = {2014}
}